%##############################################################################
% Books

% PDF z prywatnego zbioru
@Book{Kunth05,
  author = {Donald Ervin Knuth and Duane Robert Bibby},
  title = {The TeXbook},
  publisher = {Stanford University},
  publisher = {American Mathematical Society and Addison -- Wesley
Publishing Company},
  year = {2005},
  language = {English},
  address = {United States of America},
  isbn = {0-201-13447-0}
}


%##############################################################################
% Articles
%@Article{Popper84,
%  author = {Popper, Karl R.},
%  title = {Literatura na świecie},
%  journaltitle = {Epistemologia bez podmiotu poznającego},
%  year = {1984},
%  number = {12},
%  volume = {8},
%  pages = {12 -- 18}
%}


%##############################################################################
% Manuals or online PDFs
@Manual{man:Oetiker07PL,
  author = {Tobias Oetiker and Hubert Partl and Irene Hyna and Elisabeth Schlegl},
  title = {Nie za krótkie wprowadzenie do systemu LaTeX},
  year = {2007},
  month = {1},
  edition = {2},
  url = {ftp://ftp.gust.org.pl/TeX/info/lshort/polish/lshort2e.pdf}
}

@Manual{man:Oetiker11EN,
  author = {Tobias Oetiker and Hubert Partl and Irene Hyna and Elisabeth Schlegl},
  title = {The not so Short Introduction to LaTeX},
  year = {2011},
  month = {4},
  day = {6},
  version = {5.01},
  language = {English},
  url = {ftp://ftp.tpnet.pl/pub/CTAN/info/lshort/english/lshort.pdf}
}


%##############################################################################
% Web Pages
@Online{url:texstack-what-professions-use-tex,
  title = {What professions use TeX/LaTeX besides Computer Science?},
  author = {Justin Bailey},
  publisher = {TeX - LaTeX Stack Exchange},
  language = {English},
  year = {2010},
  month = {8},
  day = {3},
  url = {http://tex.stackexchange.com/questions/940/what-professions-use-tex-latex-besides-cs}
}
